@article {ab83,
    AUTHOR = {Atiyah, M. F. and Bott, R.},
     TITLE = {The {Y}ang-{M}ills equations over {R}iemann surfaces},
   JOURNAL = {Philos. Trans. Roy. Soc. London Ser. A},
  FJOURNAL = {Philosophical Transactions of the Royal Society of London.
              Series A. Mathematical and Physical Sciences},
    VOLUME = {308},
      YEAR = {1983},
    NUMBER = {1505},
     PAGES = {523--615},
      ISSN = {0080-4614},
   MRCLASS = {14F05 (14D22 32G13 32L05 53C05 58E05 58E20 81E13)},
  MRNUMBER = {702806},
MRREVIEWER = {Martin A. Guest},
       DOI = {10.1098/rsta.1983.0017},
       URL = {https://doi.org/10.1098/rsta.1983.0017},
}

@book {ati89,
    AUTHOR = {Atiyah, M. F.},
     TITLE = {{$K$}-theory},
    SERIES = {Advanced Book Classics},
   EDITION = {Second},
      NOTE = {Notes by D. W. Anderson},
 PUBLISHER = {Addison-Wesley Publishing Company, Advanced Book Program,
              Redwood City, CA},
      YEAR = {1989},
     PAGES = {xx+216},
      ISBN = {0-201-09394-4},
   MRCLASS = {18F25 (19-01 55R50 57-02)},
  MRNUMBER = {1043170},
}

@book {bre97,
    AUTHOR = {Bredon, Glen E.},
     TITLE = {Sheaf theory},
    SERIES = {Graduate Texts in Mathematics},
    VOLUME = {170},
   EDITION = {Second},
 PUBLISHER = {Springer-Verlag, New York},
      YEAR = {1997},
     PAGES = {xii+502},
      ISBN = {0-387-94905-4},
   MRCLASS = {55N30 (18F20 54B40 55-02)},
  MRNUMBER = {1481706},
       DOI = {10.1007/978-1-4612-0647-7},
       URL = {https://doi.org/10.1007/978-1-4612-0647-7},
}

@article {don83,
    AUTHOR = {Donaldson, S. K.},
     TITLE = {A new proof of a theorem of {N}arasimhan and {S}eshadri},
   JOURNAL = {J. Differential Geom.},
  FJOURNAL = {Journal of Differential Geometry},
    VOLUME = {18},
      YEAR = {1983},
    NUMBER = {2},
     PAGES = {269--277},
      ISSN = {0022-040X},
   MRCLASS = {32L05 (14F05 53C05)},
  MRNUMBER = {710055},
MRREVIEWER = {P. E. Newstead},
       URL = {http://projecteuclid.org/euclid.jdg/1214437664},
}

@book{har77,
    AUTHOR = {Hartshorne, R.},
     TITLE = {Algebraic geometry},
      NOTE = {Graduate Texts in Mathematics, No. 52},
 PUBLISHER = {Springer-Verlag, New York-Heidelberg},
      YEAR = {1977},
      NOTE = {\href{https://doi.org/10.1007/978-1-4757-3849-0}{DOI:10.1007/978-1-4757-3849-0}},
     PAGES = {xvi+496},
      ISBN = {0-387-90244-9},
   MRCLASS = {14-01},
  MRNUMBER = {0463157},
MRREVIEWER = {Robert Speiser},
}

@article {hit87a,
    AUTHOR = {Hitchin, N. J.},
     TITLE = {The self-duality equations on a {R}iemann surface},
   JOURNAL = {Proc. London Math. Soc. (3)},
  FJOURNAL = {Proceedings of the London Mathematical Society. Third Series},
    VOLUME = {55},
      YEAR = {1987},
    NUMBER = {1},
     PAGES = {59--126},
      ISSN = {0024-6115},
   MRCLASS = {32G13 (14F05 14H15 32L10 53C05 58E99 81E13)},
  MRNUMBER = {887284},
MRREVIEWER = {Mitsuhiro Itoh},
       DOI = {10.1112/plms/s3-55.1.59},
       URL = {https://doi.org/10.1112/plms/s3-55.1.59},
}

@article {hit87b,
    AUTHOR = {Hitchin, Nigel},
     TITLE = {Stable bundles and integrable systems},
   JOURNAL = {Duke Math. J.},
  FJOURNAL = {Duke Mathematical Journal},
    VOLUME = {54},
      YEAR = {1987},
    NUMBER = {1},
     PAGES = {91--114},
      ISSN = {0012-7094},
   MRCLASS = {58F07 (14F05 32G13 32L05 32L10)},
  MRNUMBER = {885778},
MRREVIEWER = {G. M. Khenkin},
       DOI = {10.1215/S0012-7094-87-05408-1},
       URL = {https://doi.org/10.1215/S0012-7094-87-05408-1},
}

@book {huy05,
    AUTHOR = {Huybrechts, Daniel},
     TITLE = {Complex geometry},
    SERIES = {Universitext},
      NOTE = {An introduction},
 PUBLISHER = {Springer-Verlag, Berlin},
      YEAR = {2005},
     PAGES = {xii+309},
      ISBN = {3-540-21290-6},
   MRCLASS = {32Qxx (14-01 32-01 32G05 32J25 53C55 53C56)},
  MRNUMBER = {2093043},
MRREVIEWER = {Richard P. Thomas},
}

@book {iit82,
    AUTHOR = {Iitaka, Shigeru},
     TITLE = {Algebraic geometry},
    SERIES = {Graduate Texts in Mathematics},
    VOLUME = {76},
      NOTE = {An introduction to birational geometry of algebraic varieties,
              North-Holland Mathematical Library, 24},
 PUBLISHER = {Springer-Verlag, New York-Berlin},
      YEAR = {1982},
     PAGES = {x+357},
      ISBN = {0-387-90546-4},
   MRCLASS = {14-01 (14-02 14E05)},
  MRNUMBER = {637060},
MRREVIEWER = {Werner Kleinert},
}

@book {kna02,
    AUTHOR = {Knapp, Anthony W.},
     TITLE = {Lie groups beyond an introduction},
    SERIES = {Progress in Mathematics},
    VOLUME = {140},
   EDITION = {Second},
 PUBLISHER = {Birkh\"{a}user Boston, Inc., Boston, MA},
      YEAR = {2002},
     PAGES = {xviii+812},
      ISBN = {0-8176-4259-5},
   MRCLASS = {22-01},
  MRNUMBER = {1920389},
}

@book {kob87,
    AUTHOR = {Kobayashi, Shoshichi},
     TITLE = {Differential geometry of complex vector bundles},
    SERIES = {Publications of the Mathematical Society of Japan},
    VOLUME = {15},
      NOTE = {Kan\^{o} Memorial Lectures, 5},
 PUBLISHER = {Princeton University Press, Princeton, NJ; Princeton
              University Press, Princeton, NJ},
      YEAR = {1987},
     PAGES = {xii+305},
      ISBN = {0-691-08467-X},
   MRCLASS = {53C55 (32-02 32L05 32L10 32L20)},
  MRNUMBER = {909698},
MRREVIEWER = {Daniel M. Burns, Jr.},
       DOI = {10.1515/9781400858682},
       URL = {https://doi.org/10.1515/9781400858682},
}

@book {laz04a,
    AUTHOR = {Lazarsfeld, Robert},
     TITLE = {Positivity in algebraic geometry. {I}},
    SERIES = {Ergebnisse der Mathematik und ihrer Grenzgebiete. 3. Folge. A
              Series of Modern Surveys in Mathematics [Results in
              Mathematics and Related Areas. 3rd Series. A Series of Modern
              Surveys in Mathematics]},
    VOLUME = {48},
      NOTE = {Classical setting: line bundles and linear series},
 PUBLISHER = {Springer-Verlag, Berlin},
      YEAR = {2004},
     PAGES = {xviii+387},
      ISBN = {3-540-22533-1},
   MRCLASS = {14-02 (14C20)},
  MRNUMBER = {2095471},
MRREVIEWER = {Mihnea Popa},
       DOI = {10.1007/978-3-642-18808-4},
       URL = {https://doi.org/10.1007/978-3-642-18808-4},
}

@book {lee13,
    AUTHOR = {Lee, John M.},
     TITLE = {Introduction to smooth manifolds},
    SERIES = {Graduate Texts in Mathematics},
    VOLUME = {218},
   EDITION = {Second},
 PUBLISHER = {Springer, New York},
      YEAR = {2013},
     PAGES = {xvi+708},
      ISBN = {978-1-4419-9981-8},
   MRCLASS = {58-01 (53-01 57-01)},
  MRNUMBER = {2954043},
}

@misc{tho05,
    title={Notes on GIT and symplectic reduction for bundles and varieties},
    author={R. P. Thomas},
    year={2005},
    eprint={math/0512411},
    archivePrefix={arXiv},
    primaryClass={math.AG}
}

@book {voi02,
    AUTHOR = {Voisin, Claire},
     TITLE = {Hodge theory and complex algebraic geometry. {I}},
    SERIES = {Cambridge Studies in Advanced Mathematics},
    VOLUME = {76},
      NOTE = {Translated from the French original by Leila Schneps},
 PUBLISHER = {Cambridge University Press, Cambridge},
      YEAR = {2002},
     PAGES = {x+322},
      ISBN = {0-521-80260-1},
   MRCLASS = {32J25 (14C30 14D07 32G20)},
  MRNUMBER = {1967689},
MRREVIEWER = {Javier A. Fern\'{a}ndez},
       DOI = {10.1017/CBO9780511615344},
       URL = {https://doi.org/10.1017/CBO9780511615344},
}

@misc{wen14,
    title={Higgs bundles and local systems on Riemann surfaces},
    author={Richard A. Wentworth},
    year={2014},
    eprint={1402.4203},
    archivePrefix={arXiv},
    primaryClass={math.DG}
}

@Inbook{wen16,
author="Wentworth, Richard",
editor="Alvarez Consul, Luis
and Andersen, J{\o}rgen Ellegaard
and Mundet i Riera, Ignasi",
title="Higgs Bundles and Local Systems on Riemann Surfaces",
bookTitle="Geometry and Quantization of Moduli Spaces",
year="2016",
publisher="Springer International Publishing",
address="Cham",
pages="165--219",
abstract="These notes are based on lectures given at the Third International School on Geometry and Physics at the Centre de Recerca Matem{\`a}tica in Barcelona, March 26--30, 2012. The aim of the School's four lecture series was to give a rapid introduction to Higgs bundles, representation varieties, and mathematical physics. While the scope of these subjects is very broad, that of these notes is far more modest.",
isbn="978-3-319-33578-0",
doi="10.1007/978-3-319-33578-0_4",
url="https://doi.org/10.1007/978-3-319-33578-0_4"
}
